@article{rafii2012repeating,
  title={Repeating pattern extraction technique (REPET): A simple method for music/voice separation},
  author={Rafii, Zafar and Pardo, Bryan},
  journal={IEEE transactions on audio, speech, and language processing},
  volume={21},
  number={1},
  pages={73--84},
  year={2012},
  publisher={IEEE}
}




% Unet in SVS domain
@inproceedings{ronneberger2015u,
  title={U-net: Convolutional networks for biomedical image segmentation},
  author={Ronneberger, Olaf and Fischer, Philipp and Brox, Thomas},
  booktitle={International Conference on Medical image computing and computer-assisted intervention},
  pages={234--241},
  year={2015},
  organization={Springer}
} % ronneberger Unet
@article{jansson2017singing,
  title={Singing voice separation with deep u-net convolutional networks},
  author={Jansson, Andreas and Humphrey, Eric and Montecchio, Nicola and Bittner, Rachel and Kumar, Aparna and Weyde, Tillman},
  journal={NA},
  year={2017}
} % Jansson Unet
@article{hennequin2020spleeter,
  title={Spleeter: a fast and efficient music source separation tool with pre-trained models},
  author={Hennequin, Romain and Khlif, Anis and Voituret, Felix and Moussallam, Manuel},
  journal={Journal of Open Source Software},
  volume={5},
  number={50},
  pages={2154},
  year={2020}
} % spleeter
@inproceedings{pretet2019singing,
  title={Singing voice separation: A study on training data},
  author={Pr{\'e}tet, Laure and Hennequin, Romain and Royo-Letelier, Jimena and Vaglio, Andrea},
  booktitle={ICASSP 2019-2019 ieee international conference on acoustics, speech and signal processing (icassp)},
  pages={506--510},
  year={2019},
  organization={IEEE}
} % spleeter following
@article{defossez2019music,
  title={Music source separation in the waveform domain},
  author={D{\'e}fossez, Alexandre and Usunier, Nicolas and Bottou, L{\'e}on and Bach, Francis},
  journal={arXiv preprint arXiv:1911.13254},
  year={2019}
} % demucs
@article{stoller2018wave,
  title={Wave-u-net: A multi-scale neural network for end-to-end audio source separation},
  author={Stoller, Daniel and Ewert, Sebastian and Dixon, Simon},
  journal={arXiv preprint arXiv:1806.03185},
  year={2018}
} % wave-u-net
@inproceedings{takahashi2018mmdenselstm,
  title={Mmdenselstm: An efficient combination of convolutional and recurrent neural networks for audio source separation},
  author={Takahashi, Naoya and Goswami, Nabarun and Mitsufuji, Yuki},
  booktitle={2018 16th International Workshop on Acoustic Signal Enhancement (IWAENC)},
  pages={106--110},
  year={2018},
  organization={IEEE}
} % MMDenselstm
@article{gers1999learning,
  title={Learning to forget: Continual prediction with LSTM},
  author={Gers, Felix A and Schmidhuber, J{\"u}rgen and Cummins, Fred},
  year={1999},
  journal={na},
  publisher={IET}
} % LSTM
@inproceedings{stoller2018adversarial,
  title={Adversarial semi-supervised audio source separation applied to singing voice extraction},
  author={Stoller, Daniel and Ewert, Sebastian and Dixon, Simon},
  booktitle={2018 IEEE International Conference on Acoustics, Speech and Signal Processing (ICASSP)},
  pages={2391--2395},
  year={2018},
  organization={IEEE}
} % Adversarial semi-supervised audio source separation
@inproceedings{giri2019attention,
  title={Attention wave-u-net for speech enhancement},
  author={Giri, Ritwik and Isik, Umut and Krishnaswamy, Arvindh},
  booktitle={2019 IEEE Workshop on Applications of Signal Processing to Audio and Acoustics (WASPAA)},
  pages={249--253},
  year={2019},
  organization={IEEE}
} % Attention wave-u-net
@inproceedings{choi2018phase,
  title={Phase-aware speech enhancement with deep complex u-net},
  author={Choi, Hyeong-Seok and Kim, Jang-Hyun and Huh, Jaesung and Kim, Adrian and Ha, Jung-Woo and Lee, Kyogu},
  booktitle={International Conference on Learning Representations},
  year={2018}
} % Phase-aware speech enhancement
% Unet in SVS domain

% Attention
@article{vaswani2017attention,
  title={Attention is all you need},
  author={Vaswani, Ashish and Shazeer, Noam and Parmar, Niki and Uszkoreit, Jakob and Jones, Llion and Gomez, Aidan N and Kaiser, Lukasz and Polosukhin, Illia},
  journal={arXiv preprint arXiv:1706.03762},
  year={2017}
} % Propose attention
@article{jetley2018learn,
  title={Learn to pay attention},
  author={Jetley, Saumya and Lord, Nicholas A and Lee, Namhoon and Torr, Philip HS},
  journal={arXiv preprint arXiv:1804.02391},
  year={2018}
} % Attention gate - learn to pay attention
@article{oktay2018attention,
  title={Attention u-net: Learning where to look for the pancreas},
  author={Oktay, Ozan and Schlemper, Jo and Folgoc, Loic Le and Lee, Matthew and Heinrich, Mattias and Misawa, Kazunari and Mori, Kensaku and McDonagh, Steven and Hammerla, Nils Y and Kainz, Bernhard and others},
  journal={arXiv preprint arXiv:1804.03999},
  year={2018}
} % Attention gate
@article{shaw2018self,
  title={Self-attention with relative position representations},
  author={Shaw, Peter and Uszkoreit, Jakob and Vaswani, Ashish},
  journal={arXiv preprint arXiv:1803.02155},
  year={2018}
} % self-attention
@article{liu2020voice,
  title={Voice and accompaniment separation in music using self-attention convolutional neural network},
  author={Liu, Yuzhou and Thoshkahna, Balaji and Milani, Ali and Kristjansson, Trausti},
  journal={arXiv preprint arXiv:2003.08954},
  year={2020}
} % Self-attention in Unet
@inproceedings{zhang2019self,
  title={Self-attention generative adversarial networks},
  author={Zhang, Han and Goodfellow, Ian and Metaxas, Dimitris and Odena, Augustus},
  booktitle={International conference on machine learning},
  pages={7354--7363},
  year={2019},
  organization={PMLR}
} % Self-Attention Generative Adversarial Networks
% Attention

@inproceedings{buciluǎ2006model,
  title={Model compression},
  author={Buciluǎ, Cristian and Caruana, Rich and Niculescu-Mizil, Alexandru},
  booktitle={Proceedings of the 12th ACM SIGKDD international conference on Knowledge discovery and data mining},
  pages={535--541},
  year={2006}
} % model compression

% model pruning
@inproceedings{chollet2017xception,
  title={Xception: Deep learning with depthwise separable convolutions},
  author={Chollet, Fran{\c{c}}ois},
  booktitle={Proceedings of the IEEE conference on computer vision and pattern recognition},
  pages={1251--1258},
  year={2017}
} % Depth-wise separable convolution
@article{howard2017mobilenets,
  title={Mobilenets: Efficient convolutional neural networks for mobile vision applications},
  author={Howard, Andrew G and Zhu, Menglong and Chen, Bo and Kalenichenko, Dmitry and Wang, Weijun and Weyand, Tobias and Andreetto, Marco and Adam, Hartwig},
  journal={arXiv preprint arXiv:1704.04861},
  year={2017}
} % mobilenetv1
@inproceedings{sandler2018mobilenetv2,
  title={Mobilenetv2: Inverted residuals and linear bottlenecks},
  author={Sandler, Mark and Howard, Andrew and Zhu, Menglong and Zhmoginov, Andrey and Chen, Liang-Chieh},
  booktitle={Proceedings of the IEEE conference on computer vision and pattern recognition},
  pages={4510--4520},
  year={2018}
} % mobilenetv2 - Inverted residuals and linear bottlenecks
@inproceedings{he2016deep,
  title={Deep residual learning for image recognition},
  author={He, Kaiming and Zhang, Xiangyu and Ren, Shaoqing and Sun, Jian},
  booktitle={Proceedings of the IEEE conference on computer vision and pattern recognition},
  pages={770--778},
  year={2016}
} % resnet
% model pruning

% model quantization
@misc{dukhan2018qnnpack,
  title={QNNPACK: open source library for optimized mobile deep learning},
  author={Dukhan, Marat and Wu, Yiming and Lu, Hao},
  year={2018}
} % QNNPACK
@inproceedings{wu2019machine,
  title={Machine learning at facebook: Understanding inference at the edge},
  author={Wu, Carole-Jean and Brooks, David and Chen, Kevin and Chen, Douglas and Choudhury, Sy and Dukhan, Marat and Hazelwood, Kim and Isaac, Eldad and Jia, Yangqing and Jia, Bill and others},
  booktitle={2019 IEEE International Symposium on High Performance Computer Architecture (HPCA)},
  pages={331--344},
  year={2019},
  organization={IEEE}
} % Pytorch QNNPACK
% model quantization

% Filtering
@article{stoter2019open,
  title={Open-unmix-a reference implementation for music source separation},
  author={St{\"o}ter, Fabian-Robert and Uhlich, Stefan and Liutkus, Antoine and Mitsufuji, Yuki},
  journal={Journal of Open Source Software},
  volume={4},
  number={41},
  pages={1667},
  year={2019}
} % Ratio mask filter and wiener filter and museval
@article{bao_abdulla_2018, 
  title={Noise masking method based on an effective ratio mask estimation in Gammatone channels}, 
  volume={7}, 
  DOI={10.1017/ATSIP.2018.7}, 
  journal={APSIPA Transactions on Signal and Information Processing}, 
  publisher={Cambridge University Press}, 
  author={Bao, Feng and Abdulla, Waleed H.}, 
  year={2018}, 
  pages={3--4}
} % ratio mask filter
@misc{liutkus2019sigsep,
  title={sigsep/norbert: First official norbert release},
  author={Liutkus, Antoine and Stater, FR},
  year={2019},
  publisher={July}
} %Wiener filter
@article{wiener1949extrapolation,
  title={Extrapolation, interpolation and smoothing of stationary},
  author={Wiener, Norbert},
  journal={Time Series, with Engineering Appli cations},
  year={1949},
  publisher={MIT press}
} % wiener filter
@article{boll1979suppression,
  title={Suppression of acoustic noise in speech using spectral subtraction},
  author={Boll, Steven},
  journal={IEEE Transactions on acoustics, speech, and signal processing},
  volume={27},
  number={2},
  pages={113--120},
  year={1979},
  publisher={IEEE}
} % spectrum subtraction
% Filtering

% Training
@article{kingma2014adam,
  title={Adam: A method for stochastic optimization},
  author={Kingma, Diederik P and Ba, Jimmy},
  journal={arXiv preprint arXiv:1412.6980},
  year={2014}
} % ADAM
@article{kotsiantis2007supervised,
  title={Supervised machine learning: A review of classification techniques},
  author={Kotsiantis, Sotiris B and Zaharakis, I and Pintelas, P},
  journal={Emerging artificial intelligence applications in computer engineering},
  volume={160},
  number={1},
  pages={3--24},
  year={2007},
  publisher={Amsterdam}
} % supervised
% Training

% museval
@inproceedings{stoter20182018,
  title={The 2018 signal separation evaluation campaign},
  author={St{\"o}ter, Fabian-Robert and Liutkus, Antoine and Ito, Nobutaka},
  booktitle={International Conference on Latent Variable Analysis and Signal Separation},
  pages={293--305},
  year={2018},
  organization={Springer}
} % signal separation evaluation campaign 2018
@article{stoter2018museval,
  title={museval},
  author={St{\"o}ter, Fabian-Robert and Liutkus, Antoine},
  journal={na},
  year={2018}
} %museval -> stoter2019open
@article{vincent2006performance,
  title={Performance measurement in blind audio source separation},
  author={Vincent, Emmanuel and Gribonval, R{\'e}mi and F{\'e}votte, C{\'e}dric},
  journal={IEEE transactions on audio, speech, and language processing},
  volume={14},
  number={4},
  pages={1462--1469},
  year={2006},
  publisher={IEEE}
} % museval oracle
@inproceedings{liutkus20172016,
  title={The 2016 signal separation evaluation campaign},
  author={Liutkus, Antoine and St{\"o}ter, Fabian-Robert and Rafii, Zafar and Kitamura, Daichi and Rivet, Bertrand and Ito, Nobutaka and Ono, Nobutaka and Fontecave, Julie},
  booktitle={International conference on latent variable analysis and signal separation},
  pages={323--332},
  year={2017},
  organization={Springer}
} % signal separation evaluation campaign 2016
% museval

% dataset
@article{rafii2017musdb18,
  title={MUSDB18-a corpus for music separation},
  author={Rafii, Zafar and Liutkus, Antoine and St{\"o}ter, Fabian-Robert and Mimilakis, Stylianos Ioannis and Bittner, Rachel},
  journal={na},
  year={2017}
} % musdb18
@misc{musdb18,
  author={Rafii, Zafar and Liutkus, Antoine and Fabian-Robert St{\"o}ter and Mimilakis, Stylianos Ioannis and Bittner, Rachel},
  title={The {MUSDB18} corpus for music separation},
  month=dec,
  year=2017,
  doi={10.5281/zenodo.1117372},
  url={https://doi.org/10.5281/zenodo.1117372}
} % musdb18
@inproceedings{SiSEC16,
  Title={The 2016 Signal Separation Evaluation Campaign},
  Address={Cham},
  Author={Liutkus, Antoine and St{\"o}ter, Fabian-Robert and Rafii, Zafar and Kitamura, Daichi and Rivet, Bertrand and Ito, Nobutaka and Ono, Nobutaka and Fontecave, Julie},
  Editor={Tichavsk{\'y}, Petr and Babaie-Zadeh, Massoud and Michel, Olivier J.J. and Thirion-Moreau, Nad{\`e}ge},
  Pages={323--332},
  Publisher={Springer International Publishing},
  Year={2017},
  booktitle={Latent Variable Analysis and Signal Separation - 12th International Conference, {LVA/ICA} 2015, Liberec, Czech Republic, August 25-28, 2015, Proceedings},
} % DSD100
@inproceedings{bittner2014medleydb,
  title={Medleydb: A multitrack dataset for annotation-intensive mir research.},
  author={Bittner, Rachel M and Salamon, Justin and Tierney, Mike and Mauch, Matthias and Cannam, Chris and Bello, Juan Pablo},
  booktitle={ISMIR},
  volume={14},
  pages={155--160},
  year={2014}
} % medelydb
@inproceedings{chan2015vocal,
  title={Vocal activity informed singing voice separation with the iKala dataset},
  author={Chan, Tak-Shing and Yeh, Tzu-Chun and Fan, Zhe-Cheng and Chen, Hung-Wei and Su, Li and Yang, Yi-Hsuan and Jang, Roger},
  booktitle={2015 IEEE International Conference on Acoustics, Speech and Signal Processing (ICASSP)},
  pages={718--722},
  year={2015},
  organization={IEEE}
} % iKala
% dataset 


% Attention gate
@article{khened2019fully,
  title={Fully convolutional multi-scale residual DenseNets for cardiac segmentation and automated cardiac diagnosis using ensemble of classifiers},
  author={Khened, Mahendra and Kollerathu, Varghese Alex and Krishnamurthi, Ganapathy},
  journal={Medical image analysis},
  volume={51},
  pages={21--45},
  year={2019},
  publisher={Elsevier}
} %  Khened et al
@article{roth2018spatial,
  title={Spatial aggregation of holistically-nested convolutional neural networks for automated pancreas localization and segmentation},
  author={Roth, Holger R and Lu, Le and Lay, Nathan and Harrison, Adam P and Farag, Amal and Sohn, Andrew and Summers, Ronald M},
  journal={Medical image analysis},
  volume={45},
  pages={94--107},
  year={2018},
  publisher={Elsevier}
} %  Roth et al
% Attention gate

% data feature
@article{liu2020channel,
  title={Channel-wise Subband Input for Better Voice and Accompaniment Separation on High Resolution Music},
  author={Liu, Haohe and Xie, Lei and Wu, Jian and Yang, Geng},
  journal={arXiv preprint arXiv:2008.05216},
  year={2020}
} % Channel-wise Subband Input
@inproceedings{uhlich2017improving,
  title={Improving music source separation based on deep neural networks through data augmentation and network blending},
  author={Uhlich, Stefan and Porcu, Marcello and Giron, Franck and Enenkl, Michael and Kemp, Thomas and Takahashi, Naoya and Mitsufuji, Yuki},
  booktitle={2017 IEEE International Conference on Acoustics, Speech and Signal Processing (ICASSP)},
  pages={261--265},
  year={2017},
  organization={IEEE}
} % data augmentation and network blending
% data feature

% loss function
@article{nakajima2018monaural,
  title={Monaural source enhancement maximizing source-to-distortion ratio via automatic differentiation},
  author={Nakajima, Hiroaki and Takahashi, Yu and Kondo, Kazunobu and Hisaminato, Yuji},
  journal={arXiv preprint arXiv:1806.05791},
  year={2018}
} % Maximizing source-to-distortion ratio
@article{braun2020consolidated,
  title={A consolidated view of loss functions for supervised deep learning-based speech enhancement},
  author={Braun, Sebastian and Tashev, Ivan},
  journal={arXiv preprint arXiv:2009.12286},
  year={2020}
} % consolidated view of loss functions
@phdthesis{guso2020on_loss_functions, 
    title={On Loss Functions for Music Source Separation}, DOI={10.5281/zenodo.4091379}, 
    school={Zenodo}, 
    author={Gusó, Enric}, 
    year={2020}, 
    month={Aug}
} % On Loss Functions for Music Source Separation
% loss function

@article{rohman2016novel,
  title={A Novel Scheme of Speech Enhancement using Power Spectral Subtraction-Multi-Layer Perceptron Network},
  author={Rohman, Budiman PA and Paramayudha, Ken and Hercuadi, Asep Yudi},
  journal={Telkomnika},
  volume={14},
  number={1},
  pages={181},
  year={2016},
  publisher={Ahmad Dahlan University}
} % Spectral Subtraction
@inproceedings{tzinis2020improving,
  title={Improving universal sound separation using sound classification},
  author={Tzinis, Efthymios and Wisdom, Scott and Hershey, John R and Jansen, Aren and Ellis, Daniel PW},
  booktitle={ICASSP 2020-2020 IEEE International Conference on Acoustics, Speech and Signal Processing (ICASSP)},
  pages={96--100},
  year={2020},
  organization={IEEE}
} % sound separation using sound classification
@inproceedings{samuel2020meta,
  title={Meta-learning extractors for music source separation},
  author={Samuel, David and Ganeshan, Aditya and Naradowsky, Jason},
  booktitle={ICASSP 2020-2020 IEEE International Conference on Acoustics, Speech and Signal Processing (ICASSP)},
  pages={816--820},
  year={2020},
  organization={IEEE}
} % Meta-learning
@inproceedings{manilow2019cutting,
  title={Cutting music source separation some Slakh: A dataset to study the impact of training data quality and quantity},
  author={Manilow, Ethan and Wichern, Gordon and Seetharaman, Prem and Le Roux, Jonathan},
  booktitle={2019 IEEE Workshop on Applications of Signal Processing to Audio and Acoustics (WASPAA)},
  pages={45--49},
  year={2019},
  organization={IEEE}
} % Slakh
